@book{pi-source-book,
    author = {Lennart Berggren and Jonathan Borwein and Peter Borwein},
    title = {Pi},
    subtitle = {A Source Book},
    address = {Nova Iorque},
    isbn = {978-1-4757-2738-8},
    publisher = {Springer Science},
    year = {1997}
}

@book{special-issue,
    title = {Special Issue},
    author = {Stanislaw Ulam},
    publisher = {Los Alamos Science},
    year = {1987},
    number = {15},
    pages = {125--143}
}